@article{ShenJiangLi,
title     = {Controllable Load Management Approaches in Smart Grids},
author    = {Shen, Js and Jiang, CW and Li, BS},
journal   = {Energies},
volume    = {8},
number    = {10},
publisher = {MDPI},
date      = {2015-10},
}

@INPROCEEDINGS{fischerTriebelSelinger,
author    = {D. {Fischer} and M. {Triebel} and O. {Selinger-Lutz}},
booktitle = {2018 IEEE PES Innovative Smart Grid Technologies Conference Europe (ISGT-Europe)},
title     = {A Concept for Controlling Heat Pump Pools Using the Smart Grid Ready Interface},
year      = {2018},
pages     = {1-6},
doi       = {10.1109/ISGTEurope.2018.8571870},
month     = {10}
}

@incollection{sousaPortugal,
title     = {Modbus},
author    = {de Sousa, M. and Portugal, P.},
booktitle = {Industrial Communication Systems},
isbn      = {9781439802823},
publisher = {CRC Press},
date      = {2016-04-19}
}

@article{Setala,
author    = {Niina Setälä},
title     = {Tarjolla uusia mahdollisuuksia teollisuuden hukkalämmön hyödyntämiseen: korkealämpöpumput tuottavat jo 100 celsiusastetta},
date      = {2020-03-07},
journal   = {Tekniikka \& Talous}
}

@incollection{DincerRosen,
title     = {Chapter 7 - Exergy Analysis of Heat Pump Systems},
author    = {Ibrahim Dincer and Marc A. Rosen},
booktitle = {Exergy},
publisher = {Elsevier},
edition   = {Second Edition},
year      = {2013},
isbn      = {978-0-08-097089-9},
doi       = {https://doi.org/10.1016/B978-0-08-097089-9.00007-3}
}

@misc{SFSEN50160,
title        = {Yleisestä Jakeluverkosta Syötetyn Sähkön Jänniteominaisuudet SFS-EN 50160:2010},
organization = {Suomen Standardoimidiitto SFS}
}

@manual{pehmokaynnistinopas,
title   = {Pehmokäynnistinopas},
author  = {ABB},
url     = {https://library.e.abb.com/public/d11f99611045fef8c125796e00473a8a/OPAS Pehmokaynnistys 1FI12_01.pdf},
urldate = {2020-09-13}
}

@misc{Latomaki,
author       = {Latomäki, Janne},
organization = {Jyväskylän ammattikorkeakoulu},
title        = {Maalämpöpumpun monitorointi ja etäohjaus},
year         = {2019}
}

@misc{Harsia,
author       = {Harsia, Pirkko and Honkapuro, Samuli},
keywords     = {sähköjärjestelmät},
organization = {Tampereen ammattikorkeakoulu},
publisher    = {Sähköinfo Oy},
title        = {Kysyntäjousto edistää uusiutuvaa sähköntuotantoa}
}

@online{modbusOrg,
organization = {Modbus Organization},
title        = {Modbus Website and FAQ},
url          = {https://modbus.org},
urldate      = {2020-08-06}
}

@techreport{modbusAppSpec,
institution = {Modbus Organization},
title       = {MODBUS Application Protocol Specification V1.1b3}
}

@techreport{modbusSerialSpec,
institution = {Modbus Organization},
title       = {MODBUS over Serial Line Specification and Implementation Guide V1.02},
url         = {https://modbus.org/specs.php}
}

@techreport{modbusTCPIPSpec,
institution = {Modbus Organization},
title       = {Modbus Messaging On TCP/IP Implementation quide V1.0b},
url         = {https://modbus.org/specs.php}
}

@techreport{osi,
institution = {International Telecommunication Union},
title       = {Information Technology -- Open Systems Interconnection -- Basic Reference Model: The Basic Model},
url         = {https://www.itu.int/rec/T-REC-X.200}
}

@online{seCom,
organization = {Schneider Electric},
title        = {Schneider Electric website},
url          = {https://www.se.com},
urldate      = {2020-08-06},
note         = {\href{https://www.se.com/us/en/product-range-presentation/576-modbus-plus}{\underline{Modbus Plus}},
                \href{https://www.se.com/ca/en/faqs/FA198221/}{\underline{differenses to Modbus}}}
}

@techreport{modbusTCPIPTLSSpec,
institution = {Modbus Organization},
title       = {MODBUS/TCP Security-v21 2018-07-24},
url         = {https://modbus.org/specs.php}
}

@techreport{SGReadyReg,
institution = {Bundesverband Wärmepumpe e.V.},
title       = {Regularien Vergabe SG-Ready V 2.0},
url         = {https://www.waermepumpe.de/fileadmin/user_upload/bwp_service/Guetesiegel/2020_SG-ready_Regularien_2.0_final.pdf},
urldate     = {2020-09-13}
}

@misc{pakonen,
title        = {Sähköverkon häiriöt ja sähkön laatu -- opintomoniste},
author       = {Mäkinen, Antti and Pakonen, Pertti},
organization = {TTY},
year         = {2019}
}

@misc{SVTSaLaTuo,
organization = {Tilastokeskus},
title        = {Suomen virallinen tilasto (SVT): Sähkön ja lämmön tuotanto},
issn         = {1798-5072},
year         = {2018},
url          = {http://www.stat.fi/til/salatuo/2018/salatuo_2018_2019-11-01_tie_001_fi.html},
urldate      = {2020-08-19}
}

@misc{SVTehk,
organization = {Tilastokeskus},
title        = {Suomen virallinen tilasto (SVT): Energian hankinta ja kulutus, Liitekuvio 22. Sähkön kulutus sektoreittain 2018},
issn         = {1799-795X},
year         = {2018},
url          = {http://www.stat.fi/til/ehk/2018/04/ehk_2018_04_2019-03-28_kuv_022_fi.html},
urldate      = {2020-08-19}
}

@misc{energiateollisuus,
organization = {Energiateollisuus ry},
title        = {Sähköntuotanto},
url          = {https://energia.fi/energiasta/energiantuotanto/sahkontuotanto},
urldate      = {2020-08-19}
}

@misc{fingrid,
organization = {Fingrid},
title        = {Kantaverkkoyhtiö Fingridin verkkosivut},
url          = {https://www.fingrid.fi/},
urldate      = {2020-09-13}
}

@misc{sulpu,
organization = {Suomen lämpöpumppuyhdistys},
title        = {Suomen lämpöpumpputilastot},
url          = {https://www.sulpu.fi/tilastot},
urldate      = {2020-08-19}
}

@article{sello,
title    = {Kauppakeskus Sello tähtää reservimarkkinoille},
journal  = {Fingrid Oyj:n lehti},
year     = {2018},
number   = {2},
issn     = {1455-7517}
}

@book{dictOfEnergy,
title     = {Dictionary of energy},
edition   = {Second edition},
isbn      = {1-78539-112-7},
publisher = {Elsevier Science \& Technology},
}

@misc{mittariAsetus,
title  = {Valtioneuvoston asetus sähköntoimitusten selvityksestä ja mittauksesta},
number = {5.2.2009/66}
}

@misc{reserviLaki,
title  = {Laki sähköntuotannon ja -kulutuksen välistä tasapainoa varmistavasta tehoreservistä},
number = {11.2.2011/117}
}

@misc{enwg,
title   = { EnWG §14a Steuerbare Verbrauchseinrichtungen in Niederspannung; Verordnungsermächtigung},
url     = {https://www.gesetze-im-internet.de/enwg_2005/__14a.html},
urldate = {2020-08-20}
}

@techreport{VDEARN4100,
institution = {Forum Netztechnik/Netzbetrieb im VDE},
title       = {VDE-AR-N 4100 Anwendungsregel:2019-04},
url         = {https://www.vde.com/en/fnn/topics/technical-connection-rules/technical-connection-rules-for-low-voltage}
}

@online {katriVala,
title        = {Katri Valan lämpöpumppulaitos},
organization = {Helen Oy},
url          = {https://www.helen.fi/helen-oy/energia/energiantuotanto/voimalaitokset/katri-vala},
urldate      = {2020-08-29}
}

@mastersthesis{koskenjoki,
author  = {Kari Koskenjoki},
title   = {Verkkovaihtosuuntaajan Suuntaajasillan Optimointi},
school  = {Tampereen Teknillinen Yliopisto},
year    = {2012}
}

@techreport{NVEHAN,
author      = {Lars Henrik Haug},
institution = {Norges vassdrags- og energidirektorat},
title       = {Kommunikasjonsløsninger for sanntidsdata av strømforbruket},
url         = {http://publikasjoner.nve.no/rapport/2018/rapport2018_70.pdf},
urldate     = {2020-09-13}
}

@thesis{Manner,
title  = {Lämpöpumppujärjestelmien sähköasennukset},
author = {Markku Manner},
year   = {20170},
school = {Metropolia Ammattikorkeakoulu}
}

@book{sahkoverkot,
title     = {Sähköverkot 1},
author    = {Jarmo, Elovaara and Liisa, Haarla},
yer       = {2011},
publisher = {Otatieto}
}
