@online{ampner,
	title   = {Ampner ACE300 data sheet},
  year    = {2020},
	url     = {https://ampner.com/wp-content/uploads/2020/03/5012DSH0001B-Ampner-ACE-300-PV-Datasheet.pdf},
  urldate = {2020-06-22}
}
@book{Xiao,
	author={Weidong Xiao},
	year={2017},
	title={Photovoltaic power system : modelling, design and control},
	publisher={John Wiley \& Sons},
	isbn={1-119-28032-X}
}
@online{SGdefinition,
	title         = {Smart Grid definition},
  organization = {Electric Power Research Institute},
	url          = {https://smartgrid.epri.com/},
  urldate      = {2020-06-15}
}
@book{Adel&Hassan,
	author={Adel Elbaset A. and M. S. Hassan},
  title={Design and Power Quality Improvement of Photovoltaic Power System},
	year={2017},
	publisher={Springer International Publishing},
	edition={1},
	isbn={9783319474649},
	doi={10.1007/978-3-319-47464-9}
}
@article{Joshi&Arora,
  title     = {Maximum power point tracking methodologies for solar PV systems – A review},
  author    = {Joshi, Puneet and Arora, Sudha},
  volume    = {70},
  year      = {2017},
  issn      = {1364-0321},
  journal   = {Renewable \& sustainable energy reviews},
  publisher = {Elsevier BV},
}
@techreport{JASolar,
	author={JA Solar},
	title={JAM60S10 320-340/MR Datasheet},
	url={https://www.jasolar.com/uploadfile/2019/1031/20191031104157948.pdf}
}
@misc{VJV2018,
	organization = {Fingrid},
  date         = {2018-11-16},
	title        = {Voimalaitosten järjestelmätekniset vaatimukset VJV2018}
}
@book{Willeke&Weber,
	author    = {G. Willeke and Eicke R. Weber},
  title     = {Advances in photovoltaics. Part 2},
	year      = {2013},
	publisher = {Elsevier},
	isbn      = {0-12-384702-8}
}
@misc{pearlStreetStation,
	author  = {Carl Sulzberger},
  date    = {2011-05-10},
	title   = {The Pearl Street Generating Station, 1882},
	url     = {https://ethw.org/Milestones:Pearl_Street_Station,_1882},
  urldate = {2020-03-25}
}
@book{Messenger,
  title     = {Photovoltaic systems engineering},
  author    = {Roger A. Messenger and Jerry Ventre},
  year      = {2010},
  publisher = {CRC Press},
  edition   = {3},
  isbn      = {1-315-21839-9}
}
@misc{SSProds,
  title        = {SUNSPEC MODBUS CERTIFIED PRODUCTS},
  organization = {SunSpec Alliance},
  url          = {https://sunspec.org/sunspec-modbus-certified-products/},
  urldate      = {2020-03-24}
}
@misc{SSFactSheet,
  organization = {SunSpec Alliance},
  title        = {SunSpec Modbus Interface fact sheet},
  url          = {https://sunspec.org/wp-content/uploads/2019/09/SunSpec-Modbus-FactSheet-RevA-2019-07-web.pdf},
  urldate      = {2020-08-13}
}
@misc{SSESModels,
  organization = {SunSpec Alliance},
  title        = {SunSpec Energy Storage Models - SunSpec Alliance Interoperability Specification},
  url          = {http://sunspec.org/wp-content/uploads/2019/08/SunSpec-Alliance-Specification-Energy-Storage-ModelsD4rev0.pdf},
  urldate      = {2020-08-13}
}
@misc{SSTech,
  organization = {SunSpec Alliance},
  title        = {SunSpec Technology Overview - Spec Alliance Interoperability Specification},
  url          = {http://sunspec.org/wp-content/uploads/2019/09/SunSpec-Techonology-Overview-12040.pdf},
  urldate      = {2020-08-13}
}
@article{Tuballa&Abundo,
  title     = {A review of the development of Smart Grid technologies},
  volume    = {59},
  year      = {2016},
  author    = {Tuballa, Maria Lorena and Abundo, Michael Lochinvar},
  issn      = {1364-0321},
  journal   = {Renewable \& sustainable energy reviews},
  pages     = {710-725},
  publisher = {Elsevier BV},
}
@misc{IEEE1815.1,
	title     = {IEEE Standard for Exchanging Information Between Networks Implementing IEC 61850 and IEEE Std 1815(TM) [Distributed Network Protocol (DNP3)]},
	year      = {2016},
	isbn      = {9781504405980},
	publisher = {IEEE},
}

@inproceedings{DNP3Inv,
  author    = {K. {Prabakar} and A. {Singh} and C. {Tombari}},
  title     = {IEEE 1547-2018 Based Interoperable PV Inverter with Advanced Grid-Support Functions},
  booktitle = {2019 IEEE 46th Photovoltaic Specialists Conference (PVSC)},
  year      = {2019}
}

@misc{DNP3AppNote,
  organization = {SunSpec Alliance},
  title        = {New Standard Communication Model Enables Grid Operatirs to Enhance Performance, Value of Distributed Energy Resources},
  url          = {https://sunspec.org/new-standard-communication-model-enables-grid-operators-enhance-performance-value-distributed-energy-resources/},
  date		     = {2019-01-14},
  urldate      = {2020-08-20}
}

@inproceedings{61850funcs,
	author    = {T. {Miranda} and V. {Delgado-Gomes} and J. F. {Martins}},
	booktitle = {2018 International Conference on Intelligent Systems (IS)},
	title     = {On the use of IEC 61850-90-7 for Smart Inverters Integration},
	year      = {2018}
}

@manual{SMAManual,
  title        = {Käyttöohje - SUNNY TRIPOWER 3.0 / 4.0 / 5.0 / 6.0},
  author       = {SMA},
  date 		     = {2019-12-19},
  url          = {https://files.sma.de/downloads/STP3-6-3AV-40-BE-fi-14.pdf},
}

@misc{SmartConnected,
	author       = {SMA},
	title        = {SMA Smart Connected - Premium monitoring service for reliable system performance},
	url          = {https://www.sma.de/en/products/monitoring-control/sma-smart-connected.html},
	urldate      = {2020-08-26},
}

@misc{DNP3&61850,
	author       = {Andrew West},
	title        = {Integrating IEC 61850 \& IEEE 1815 (DNP3)},
	urldate      = {2020-08-25},
}

@misc{DNPvsIEC,
	author       = {Kathleen Davis},
	title        = {DNP vs. IEC: Skirmish in the Substation},
	url          = {https://www.power-grid.com/2009/05/01/dnp-vs-iec-skirmish-in-the-substation/},
	urldate      = {2020-08-25},
	date				 = {2009-01-09},
}

@misc{DNP3Study,
	organization = {T\&D World},
	title        = {Research Study: North American Utilities Use DNP3 for SCADA},
	url          = {https://www.tdworld.com/test-and-measurement/article/20972407/research-study-north-american-utilities-use-dnp3-for-scada},
	date         = {2019-03-30},
	urldate      = {2020-08-25},
}

@misc{HAN,
	organization = {Aidon Ltd.},
	title        = {Aidon HAN Interface Description},
	url          = {https://www.nek.no/wp-content/uploads/2018/11/Aidon-HAN-Interface-Description-v10A-ID-34331.pdf},
	date         = {2018-11-08},
	urldate      = {2020-09-04},
}

@misc{Aidon5510,
	organization = {Aidon Ltd.},
	title        = {Aidon 5510 Fact Sheet},
	url          = {https://www.jonkopingenergi.se/storage/ma/049ce02769574250bb3862b0f091fdfd/d2b4b7cbb1db489189794a72a44ab4c3/pdf/FE164C6A4E7CA65C23AAFAC594268D9365CDE053/Factsheet_Meter_5510_EN_21.06.2012%20(ID%203028).pdf},
	date         = {2012-06-21},
	urldate      = {2020-09-04},
}

@misc{AMRNykytila,
	author       = {Niinikoski, Joni},
	title        = {AMR-mittareiden nykytila ja kehitysmahdollisuudet pohjoismaissa},
	url          = {http://urn.fi/URN:NBN:fi-fe201801262311},
	urldate      = {2020-09-04},
	date         = {2018-01-19},
}

@misc{Solarigo,
	author       = {Ville Vairinen},
	title        = {Sähköpostikeskustelu Solarigon Ville Vairisen kanssa 19.8.2020},
	organization = {Solarigo Oy},
}

@misc{Enphase,
	organization = {Enphase Energy, Inc},
	title        = {What is Enphase Envoy},
	url          = {https://enphase.com/en-us/support/what-envoy},
	urldate      = {2020-09-28},
	date				 = {???}
}

@misc{Envertech,
	organization = {Zhejiang Envertech Corporation Ltd.},
	title        = {EVB202 User Operating Manual},
	url          = {https://www.envertec.com/uploads/1906/EVB202_User_Manual.pdf},
	urldate      = {2020-09-28},
}

@misc{Huawei,
	organization = {Huawei Technologies Co., Ltd.},
	title        = {SUN2000-3/4/5/6/8/10KTL-M0 Technical Specification},
	url          = {https://solar.huawei.com/en-GB/download?p=%2F~%2Fmedia%2FSolar%2Fattachment%2Fpdf%2Feu%2Fdatasheet%2FSUN2000-3-10KTL-M0.pdf},
	urldate      = {2020-09-28},
	date				 = {2020-04-09}
}

@masterthesis{Mikrotuotanto,
	author  = {Ina Lehto},
	title   = {Mikrotuotannon liittäminen yleiseen sähkönjakeluverkkoon},
	school  = {Teknillinen korkeakoulu, Sähkötekniikan laitos},
	year    = {2009},
}

@article{Duck,
	journal = {Science and Technology for the Built Environment},
	publisher = {Taylor & Francis},
	title = {Building energy research and the "duck curve"},
	year = {2017},
	author = {Radermacher, Reinhard},
	copyright = {Copyright © 2017 ASHRAE. 2017},
}

@techreport{FluctuationIssues,
	title       = {Wind and solar integration issues},
	institution = {Task 25},
	url         = {https://higherlogicdownload.s3.amazonaws.com/IEAWIND/4ab049c9-04ed-4f90-b562-e6d02033b04b/UploadedFiles/fX85N9V3Rh5u0TRjfpuF_Task25%20FactS%20Integration%20Issues%20April2020.pdf},
	urldate     = {2020-09-28},
}

@article{duckCurve,
	journal = {Science and Technology for the Built Environment},
	publisher = {Taylor & Francis},
	title = {Building energy research and the "duck curve"},
	year = {2017},
	author = {Radermacher, Reinhard},
}

@manual{SMAPPManager,
	organization = {SMA},
	url          = {https://files.sma.de/downloads/PPM-10-DS-en-21.pdf},
	urldate      = {2020-10-21},
}

@masterthesis{kysJousto,
	author  = {Joona Siivonen},
	title   = {Kysynnän jousto -hanke - Tekniset ratkaisut julkisissa kiinteistöissä},
	school  = {Tampereen ammattikorkeakoulu},
	year    = {2014}
}
