@manual{kirjoitusohje2018,
title={Tampereen yliopiston tekniikan alan opinnäytteiden kirjoitusohje},
organization={Tampereen yliopisto},
location={Tampere},
year={2018},
note={Saatavissa: POP $>$ Opiskelu $>$ Diplomityö $>$ Diplomityöohje},
label={Opinnäyteohje}
}

@manual{matohje2009,
title={Matemaattisen tekstin kirjoittaminen},
author={Ruohonen, Keijo},
organization={Tampereen teknillinen yliopisto},
location={Tampere},
year={2009},
url={http://math.tut.fi/~ruohonen/D-tyo-ohje.pdf}
}

@online{bibmanagement,
title={\LaTeX/Bibliography Management},
subtitle={biblatex},
date={2018-07-12},
url={https://en.wikibooks.org/w/index.php?title=LaTeX/Bibliography_Management&stable=1},
urldate={2018-12-27},
label={\LaTeX{} WikiBook}
}
